[
  {
    "side": "SELL",
    "ccy": "USD",
    "rate": 1,
    "quantity": 100,
    "ts": "2017-11-12T00:00:00.000Z",
    "id": "USD:SELL:100:1511739416646"
  },
  {
    "side": "SELL",
    "ccy": "USD",
    "rate": 1,
    "quantity": 100,
    "ts": "2017-11-12T00:00:00.000Z",
    "id": "USD:SELL:100:1511739416638"
  },
  {
    "side": "SELL",
    "ccy": "USD",
    "rate": 1,
    "quantity": 100,
    "ts": "2017-11-12T00:00:00.000Z",
    "id": "USD:SELL:100:1511739416629"
  },
  {
    "side": "SELL",
    "ccy": "USD",
    "rate": 1,
    "quantity": 100,
    "ts": "2017-11-12T00:00:00.000Z",
    "id": "USD:SELL:100:1511739416614"
  },
  {
    "side": "BUY",
    "ccy": "PHP",
    "rate": 51.216393,
    "quantity": 5121.64,
    "ts": "2017-11-12T00:00:00.000Z",
    "id": "PHP:BUY:5121.64:1511739416646"
  },
  {
    "side": "BUY",
    "ccy": "PHP",
    "rate": 51.216393,
    "quantity": 5121.64,
    "ts": "2017-11-12T00:00:00.000Z",
    "id": "PHP:BUY:5121.64:1511739416638"
  },
  {
    "side": "BUY",
    "ccy": "PHP",
    "rate": 51.216393,
    "quantity": 5121.64,
    "ts": "2017-11-12T00:00:00.000Z",
    "id": "PHP:BUY:5121.64:1511739416629"
  },
  {
    "side": "BUY",
    "ccy": "CNY",
    "rate": 6.6401,
    "quantity": 664.01,
    "ts": "2017-11-12T00:00:00.000Z",
    "id": "CNY:BUY:664.01:1511739416614"
  },
  {
    "side": "SELL",
    "ccy": "USD",
    "rate": 1,
    "quantity": 100,
    "ts": "2017-11-09T00:00:00.000Z",
    "id": "USD:SELL:100:1511739416576"
  },
  {
    "side": "SELL",
    "ccy": "CNY",
    "rate": 6.638559,
    "quantity": 2645.85,
    "ts": "2017-11-09T00:00:00.000Z",
    "id": "CNY:SELL:2645.85:1511739416585"
  },
  {
    "side": "BUY",
    "ccy": "USD",
    "rate": 1,
    "quantity": 398.5578798049396,
    "ts": "2017-11-09T00:00:00.000Z",
    "id": "USD:BUY:398.5578798049396:1511739416585"
  },
  {
    "side": "BUY",
    "ccy": "CNY",
    "rate": 6.638559,
    "quantity": 663.86,
    "ts": "2017-11-09T00:00:00.000Z",
    "id": "CNY:BUY:663.86:1511739416576"
  },
  {
    "side": "SELL",
    "ccy": "USD",
    "rate": 1,
    "quantity": 100,
    "ts": "2017-11-08T00:00:00.000Z",
    "id": "USD:SELL:100:1511739416557"
  },
  {
    "side": "BUY",
    "ccy": "CNY",
    "rate": 6.627825,
    "quantity": 662.78,
    "ts": "2017-11-08T00:00:00.000Z",
    "id": "CNY:BUY:662.78:1511739416557"
  },
  {
    "side": "SELL",
    "ccy": "USD",
    "rate": 1,
    "quantity": 100,
    "ts": "2017-11-06T00:00:00.000Z",
    "id": "USD:SELL:100:1511739416550"
  },
  {
    "side": "BUY",
    "ccy": "JPY",
    "rate": 113.77165385,
    "quantity": 11377.17,
    "ts": "2017-11-06T00:00:00.000Z",
    "id": "JPY:BUY:11377.17:1511739416550"
  },
  {
    "side": "SELL",
    "ccy": "USD",
    "rate": 1,
    "quantity": 100,
    "ts": "2017-11-05T00:00:00.000Z",
    "id": "USD:SELL:100:1511739416542"
  },
  {
    "side": "BUY",
    "ccy": "JPY",
    "rate": 114.16829,
    "quantity": 11416.83,
    "ts": "2017-11-05T00:00:00.000Z",
    "id": "JPY:BUY:11416.83:1511739416543"
  },
  {
    "side": "SELL",
    "ccy": "XAU",
    "rate": 0.0007826,
    "quantity": 0.08000000000000003,
    "ts": "2017-11-02T00:00:00.000Z",
    "id": "XAU:SELL:0.08000000000000003:1511739416511"
  },
  {
    "side": "SELL",
    "ccy": "USD",
    "rate": 1,
    "quantity": 100,
    "ts": "2017-11-02T00:00:00.000Z",
    "id": "USD:SELL:100:1511739416520"
  },
  {
    "side": "BUY",
    "ccy": "USD",
    "rate": 1,
    "quantity": 102.22335803731156,
    "ts": "2017-11-02T00:00:00.000Z",
    "id": "USD:BUY:102.22335803731156:1511739416511"
  },
  {
    "side": "BUY",
    "ccy": "SGD",
    "rate": 1.35881,
    "quantity": 135.88,
    "ts": "2017-11-02T00:00:00.000Z",
    "id": "SGD:BUY:135.88:1511739416520"
  },
  {
    "side": "SELL",
    "ccy": "USD",
    "rate": 1,
    "quantity": 100,
    "ts": "2017-10-24T23:00:00.000Z",
    "id": "USD:SELL:100:1511739416501"
  },
  {
    "side": "BUY",
    "ccy": "CNY",
    "rate": 6.6384,
    "quantity": 663.84,
    "ts": "2017-10-24T23:00:00.000Z",
    "id": "CNY:BUY:663.84:1511739416501"
  },
  {
    "side": "SELL",
    "ccy": "ILS",
    "rate": 3.495,
    "quantity": 349.33,
    "ts": "2017-10-15T23:00:00.000Z",
    "id": "ILS:SELL:349.33:1511739416490"
  },
  {
    "side": "BUY",
    "ccy": "USD",
    "rate": 1,
    "quantity": 99.95135908440629,
    "ts": "2017-10-15T23:00:00.000Z",
    "id": "USD:BUY:99.95135908440629:1511739416490"
  },
  {
    "side": "SELL",
    "ccy": "USD",
    "rate": 1,
    "quantity": 100,
    "ts": "2017-10-13T23:00:00.000Z",
    "id": "USD:SELL:100:1511739416482"
  },
  {
    "side": "BUY",
    "ccy": "PKR",
    "rate": 105.375,
    "quantity": 10537.5,
    "ts": "2017-10-13T23:00:00.000Z",
    "id": "PKR:BUY:10537.5:1511739416482"
  },
  {
    "side": "SELL",
    "ccy": "USD",
    "rate": 1,
    "quantity": 100,
    "ts": "2017-10-11T23:00:00.000Z",
    "id": "USD:SELL:100:1511739416475"
  },
  {
    "side": "BUY",
    "ccy": "XAU",
    "rate": 0.00077273,
    "quantity": 0.08,
    "ts": "2017-10-11T23:00:00.000Z",
    "id": "XAU:BUY:0.08:1511739416475"
  },
  {
    "side": "SELL",
    "ccy": "XAU",
    "rate": 0.00078493,
    "quantity": 0.24,
    "ts": "2017-10-03T23:00:00.000Z",
    "id": "XAU:SELL:0.24:1511739416458"
  },
  {
    "side": "BUY",
    "ccy": "USD",
    "rate": 1,
    "quantity": 305.7597492770056,
    "ts": "2017-10-03T23:00:00.000Z",
    "id": "USD:BUY:305.7597492770056:1511739416458"
  },
  {
    "side": "SELL",
    "ccy": "USD",
    "rate": 1,
    "quantity": 100,
    "ts": "2017-10-02T23:00:00.000Z",
    "id": "USD:SELL:100:1511739416450"
  },
  {
    "side": "BUY",
    "ccy": "XAU",
    "rate": 0.00078582,
    "quantity": 0.08,
    "ts": "2017-10-02T23:00:00.000Z",
    "id": "XAU:BUY:0.08:1511739416450"
  },
  {
    "side": "SELL",
    "ccy": "USD",
    "rate": 1,
    "quantity": 100,
    "ts": "2017-09-30T23:00:00.000Z",
    "id": "USD:SELL:100:1511739416443"
  },
  {
    "side": "BUY",
    "ccy": "XAU",
    "rate": 0.00078241,
    "quantity": 0.08,
    "ts": "2017-09-30T23:00:00.000Z",
    "id": "XAU:BUY:0.08:1511739416443"
  },
  {
    "side": "SELL",
    "ccy": "XAU",
    "rate": 0.00078189,
    "quantity": 0.08000000000000003,
    "ts": "2017-09-29T23:00:00.000Z",
    "id": "XAU:SELL:0.08000000000000003:1511739416422"
  },
  {
    "side": "SELL",
    "ccy": "XAU",
    "rate": 0.00078189,
    "quantity": 0.07999999999999997,
    "ts": "2017-09-29T23:00:00.000Z",
    "id": "XAU:SELL:0.07999999999999997:1511739416407"
  },
  {
    "side": "SELL",
    "ccy": "USD",
    "rate": 1,
    "quantity": 100,
    "ts": "2017-09-29T23:00:00.000Z",
    "id": "USD:SELL:100:1511739416436"
  },
  {
    "side": "SELL",
    "ccy": "USD",
    "rate": 1,
    "quantity": 100,
    "ts": "2017-09-29T23:00:00.000Z",
    "id": "USD:SELL:100:1511739416415"
  },
  {
    "side": "SELL",
    "ccy": "USD",
    "rate": 1,
    "quantity": 100,
    "ts": "2017-09-29T23:00:00.000Z",
    "id": "USD:SELL:100:1511739416400"
  },
  {
    "side": "BUY",
    "ccy": "XAU",
    "rate": 0.00078189,
    "quantity": 0.08,
    "ts": "2017-09-29T23:00:00.000Z",
    "id": "XAU:BUY:0.08:1511739416436"
  },
  {
    "side": "BUY",
    "ccy": "XAU",
    "rate": 0.00078189,
    "quantity": 0.08,
    "ts": "2017-09-29T23:00:00.000Z",
    "id": "XAU:BUY:0.08:1511739416415"
  },
  {
    "side": "BUY",
    "ccy": "XAU",
    "rate": 0.00078189,
    "quantity": 0.08,
    "ts": "2017-09-29T23:00:00.000Z",
    "id": "XAU:BUY:0.08:1511739416401"
  },
  {
    "side": "BUY",
    "ccy": "USD",
    "rate": 1,
    "quantity": 102.31618258322786,
    "ts": "2017-09-29T23:00:00.000Z",
    "id": "USD:BUY:102.31618258322786:1511739416421"
  },
  {
    "side": "BUY",
    "ccy": "USD",
    "rate": 1,
    "quantity": 102.31618258322779,
    "ts": "2017-09-29T23:00:00.000Z",
    "id": "USD:BUY:102.31618258322779:1511739416407"
  },
  {
    "side": "SELL",
    "ccy": "XAU",
    "rate": 0.00078189,
    "quantity": 0.08000000000000003,
    "ts": "2017-09-28T23:00:00.000Z",
    "id": "XAU:SELL:0.08000000000000003:1511739416392"
  },
  {
    "side": "SELL",
    "ccy": "USD",
    "rate": 1,
    "quantity": 100,
    "ts": "2017-09-28T23:00:00.000Z",
    "id": "USD:SELL:100:1511739416385"
  },
  {
    "side": "BUY",
    "ccy": "XAU",
    "rate": 0.00078189,
    "quantity": 0.08,
    "ts": "2017-09-28T23:00:00.000Z",
    "id": "XAU:BUY:0.08:1511739416385"
  },
  {
    "side": "BUY",
    "ccy": "USD",
    "rate": 1,
    "quantity": 102.31618258322786,
    "ts": "2017-09-28T23:00:00.000Z",
    "id": "USD:BUY:102.31618258322786:1511739416391"
  },
  {
    "side": "SELL",
    "ccy": "XAU",
    "rate": 0.00077698,
    "quantity": 0.24,
    "ts": "2017-09-27T23:00:00.000Z",
    "id": "XAU:SELL:0.24:1511739416368"
  },
  {
    "side": "BUY",
    "ccy": "USD",
    "rate": 1,
    "quantity": 308.8882596720636,
    "ts": "2017-09-27T23:00:00.000Z",
    "id": "USD:BUY:308.8882596720636:1511739416368"
  },
  {
    "side": "SELL",
    "ccy": "USD",
    "rate": 1,
    "quantity": 100,
    "ts": "2017-09-26T23:00:00.000Z",
    "id": "USD:SELL:100:1511739416360"
  },
  {
    "side": "BUY",
    "ccy": "JMD",
    "rate": 129.84,
    "quantity": 12984,
    "ts": "2017-09-26T23:00:00.000Z",
    "id": "JMD:BUY:12984:1511739416360"
  },
  {
    "side": "SELL",
    "ccy": "USD",
    "rate": 1,
    "quantity": 100,
    "ts": "2017-09-25T23:00:00.000Z",
    "id": "USD:SELL:100:1511739416343"
  },
  {
    "side": "BUY",
    "ccy": "XAU",
    "rate": 0.00077316,
    "quantity": 0.08,
    "ts": "2017-09-25T23:00:00.000Z",
    "id": "XAU:BUY:0.08:1511739416343"
  },
  {
    "side": "SELL",
    "ccy": "USD",
    "rate": 1,
    "quantity": 100,
    "ts": "2017-09-22T23:00:00.000Z",
    "id": "USD:SELL:100:1511739416336"
  },
  {
    "side": "BUY",
    "ccy": "ILS",
    "rate": 3.4933,
    "quantity": 349.33,
    "ts": "2017-09-22T23:00:00.000Z",
    "id": "ILS:BUY:349.33:1511739416336"
  },
  {
    "side": "SELL",
    "ccy": "USD",
    "rate": 1,
    "quantity": 100,
    "ts": "2017-09-19T23:00:00.000Z",
    "id": "USD:SELL:100:1511739416324"
  },
  {
    "side": "SELL",
    "ccy": "USD",
    "rate": 1,
    "quantity": 100,
    "ts": "2017-09-19T23:00:00.000Z",
    "id": "USD:SELL:100:1511739416318"
  },
  {
    "side": "SELL",
    "ccy": "USD",
    "rate": 1,
    "quantity": 100,
    "ts": "2017-09-19T23:00:00.000Z",
    "id": "USD:SELL:100:1511739416310"
  },
  {
    "side": "BUY",
    "ccy": "XAU",
    "rate": 0.00076982,
    "quantity": 0.08,
    "ts": "2017-09-19T23:00:00.000Z",
    "id": "XAU:BUY:0.08:1511739416318"
  },
  {
    "side": "BUY",
    "ccy": "XAU",
    "rate": 0.00076982,
    "quantity": 0.08,
    "ts": "2017-09-19T23:00:00.000Z",
    "id": "XAU:BUY:0.08:1511739416310"
  },
  {
    "side": "BUY",
    "ccy": "JOD",
    "rate": 0.709001,
    "quantity": 70.9,
    "ts": "2017-09-19T23:00:00.000Z",
    "id": "JOD:BUY:70.9:1511739416324"
  },
  {
    "side": "SELL",
    "ccy": "USD",
    "rate": 1,
    "quantity": 100,
    "ts": "2017-09-18T23:00:00.000Z",
    "id": "USD:SELL:100:1511739416303"
  },
  {
    "side": "BUY",
    "ccy": "VEF",
    "rate": 10.17045,
    "quantity": 1017.05,
    "ts": "2017-09-18T23:00:00.000Z",
    "id": "VEF:BUY:1017.05:1511739416304"
  },
  {
    "side": "SELL",
    "ccy": "XAU",
    "rate": 0.00075752,
    "quantity": 0.07000000000000002,
    "ts": "2017-09-14T23:00:00.000Z",
    "id": "XAU:SELL:0.07000000000000002:1511739416284"
  },
  {
    "side": "BUY",
    "ccy": "USD",
    "rate": 1,
    "quantity": 92.40680114056397,
    "ts": "2017-09-14T23:00:00.000Z",
    "id": "USD:BUY:92.40680114056397:1511739416284"
  },
  {
    "side": "SELL",
    "ccy": "USD",
    "rate": 1,
    "quantity": 100,
    "ts": "2017-09-13T23:00:00.000Z",
    "id": "USD:SELL:100:1511739416274"
  },
  {
    "side": "BUY",
    "ccy": "CNY",
    "rate": 6.553712,
    "quantity": 655.37,
    "ts": "2017-09-13T23:00:00.000Z",
    "id": "CNY:BUY:655.37:1511739416274"
  },
  {
    "side": "SELL",
    "ccy": "USD",
    "rate": 1,
    "quantity": 100,
    "ts": "2017-09-04T23:00:00.000Z",
    "id": "USD:SELL:100:1511739416256"
  },
  {
    "side": "BUY",
    "ccy": "JPY",
    "rate": 108.60122146,
    "quantity": 10860.12,
    "ts": "2017-09-04T23:00:00.000Z",
    "id": "JPY:BUY:10860.12:1511739416256"
  },
  {
    "side": "SELL",
    "ccy": "USD",
    "rate": 1,
    "quantity": 100,
    "ts": "2017-09-02T23:00:00.000Z",
    "id": "USD:SELL:100:1511739416240"
  },
  {
    "side": "SELL",
    "ccy": "CNY",
    "rate": 6.547219,
    "quantity": 1346.94,
    "ts": "2017-09-02T23:00:00.000Z",
    "id": "CNY:SELL:1346.94:1511739416247"
  },
  {
    "side": "BUY",
    "ccy": "XAU",
    "rate": 0.00074839,
    "quantity": 0.07,
    "ts": "2017-09-02T23:00:00.000Z",
    "id": "XAU:BUY:0.07:1511739416240"
  },
  {
    "side": "BUY",
    "ccy": "USD",
    "rate": 1,
    "quantity": 205.7270422755066,
    "ts": "2017-09-02T23:00:00.000Z",
    "id": "USD:BUY:205.7270422755066:1511739416247"
  },
  {
    "side": "SELL",
    "ccy": "XAU",
    "rate": 0.00077719,
    "quantity": 0.08,
    "ts": "2017-08-23T23:00:00.000Z",
    "id": "XAU:SELL:0.08:1511739416202"
  },
  {
    "side": "BUY",
    "ccy": "USD",
    "rate": 1,
    "quantity": 102.93493225594771,
    "ts": "2017-08-23T23:00:00.000Z",
    "id": "USD:BUY:102.93493225594771:1511739416201"
  },
  {
    "side": "SELL",
    "ccy": "USD",
    "rate": 1,
    "quantity": 100,
    "ts": "2017-08-16T23:00:00.000Z",
    "id": "USD:SELL:100:1511739416190"
  },
  {
    "side": "BUY",
    "ccy": "XAU",
    "rate": 0.00077603,
    "quantity": 0.08,
    "ts": "2017-08-16T23:00:00.000Z",
    "id": "XAU:BUY:0.08:1511739416190"
  },
  {
    "side": "SELL",
    "ccy": "USD",
    "rate": 1,
    "quantity": 100,
    "ts": "2017-08-09T23:00:00.000Z",
    "id": "USD:SELL:100:1511739416163"
  },
  {
    "side": "BUY",
    "ccy": "INR",
    "rate": 64.1511,
    "quantity": 6415.11,
    "ts": "2017-08-09T23:00:00.000Z",
    "id": "INR:BUY:6415.11:1511739416164"
  },
  {
    "side": "SELL",
    "ccy": "XAU",
    "rate": 0.00078376,
    "quantity": 0.08,
    "ts": "2017-08-08T23:00:00.000Z",
    "id": "XAU:SELL:0.08:1511739416150"
  },
  {
    "side": "BUY",
    "ccy": "USD",
    "rate": 1,
    "quantity": 102.07206287639073,
    "ts": "2017-08-08T23:00:00.000Z",
    "id": "USD:BUY:102.07206287639073:1511739416149"
  },
  {
    "side": "SELL",
    "ccy": "USD",
    "rate": 1,
    "quantity": 100,
    "ts": "2017-08-04T23:00:00.000Z",
    "id": "USD:SELL:100:1511739416140"
  },
  {
    "side": "BUY",
    "ccy": "CNY",
    "rate": 6.73195,
    "quantity": 673.2,
    "ts": "2017-08-04T23:00:00.000Z",
    "id": "CNY:BUY:673.2:1511739416141"
  },
  {
    "side": "SELL",
    "ccy": "USD",
    "rate": 1,
    "quantity": 100,
    "ts": "2017-07-28T23:00:00.000Z",
    "id": "USD:SELL:100:1511739416132"
  },
  {
    "side": "SELL",
    "ccy": "CNY",
    "rate": 6.7374,
    "quantity": 682.7199999999997,
    "ts": "2017-07-28T23:00:00.000Z",
    "id": "CNY:SELL:682.7199999999997:1511739416124"
  },
  {
    "side": "BUY",
    "ccy": "USD",
    "rate": 1,
    "quantity": 101.33285837266597,
    "ts": "2017-07-28T23:00:00.000Z",
    "id": "USD:BUY:101.33285837266597:1511739416124"
  },
  {
    "side": "BUY",
    "ccy": "CNY",
    "rate": 6.7374,
    "quantity": 673.74,
    "ts": "2017-07-28T23:00:00.000Z",
    "id": "CNY:BUY:673.74:1511739416132"
  },
  {
    "side": "SELL",
    "ccy": "USD",
    "rate": 1,
    "quantity": 100,
    "ts": "2017-07-24T23:00:00.000Z",
    "id": "USD:SELL:100:1511739416116"
  },
  {
    "side": "BUY",
    "ccy": "GBP",
    "rate": 0.767668,
    "quantity": 76.77,
    "ts": "2017-07-24T23:00:00.000Z",
    "id": "GBP:BUY:76.77:1511739416116"
  },
  {
    "side": "SELL",
    "ccy": "EUR",
    "rate": 0.8674,
    "quantity": 437.81,
    "ts": "2017-07-18T23:00:00.000Z",
    "id": "EUR:SELL:437.81:1511739416107"
  },
  {
    "side": "BUY",
    "ccy": "USD",
    "rate": 1,
    "quantity": 504.73829836292373,
    "ts": "2017-07-18T23:00:00.000Z",
    "id": "USD:BUY:504.73829836292373:1511739416107"
  },
  {
    "side": "SELL",
    "ccy": "XAU",
    "rate": 0.00081373,
    "quantity": 0.16,
    "ts": "2017-07-13T23:00:00.000Z",
    "id": "XAU:SELL:0.16:1511739416079"
  },
  {
    "side": "SELL",
    "ccy": "USD",
    "rate": 1,
    "quantity": 100,
    "ts": "2017-07-13T23:00:00.000Z",
    "id": "USD:SELL:100:1511739416099"
  },
  {
    "side": "SELL",
    "ccy": "USD",
    "rate": 1,
    "quantity": 100,
    "ts": "2017-07-13T23:00:00.000Z",
    "id": "USD:SELL:100:1511739416092"
  },
  {
    "side": "SELL",
    "ccy": "USD",
    "rate": 1,
    "quantity": 100,
    "ts": "2017-07-13T23:00:00.000Z",
    "id": "USD:SELL:100:1511739416086"
  },
  {
    "side": "BUY",
    "ccy": "XAU",
    "rate": 0.00081373,
    "quantity": 0.08,
    "ts": "2017-07-13T23:00:00.000Z",
    "id": "XAU:BUY:0.08:1511739416086"
  },
  {
    "side": "BUY",
    "ccy": "USD",
    "rate": 1,
    "quantity": 196.62541629287355,
    "ts": "2017-07-13T23:00:00.000Z",
    "id": "USD:BUY:196.62541629287355:1511739416078"
  },
  {
    "side": "BUY",
    "ccy": "EUR",
    "rate": 0.871992,
    "quantity": 87.2,
    "ts": "2017-07-13T23:00:00.000Z",
    "id": "EUR:BUY:87.2:1511739416099"
  },
  {
    "side": "BUY",
    "ccy": "EUR",
    "rate": 0.871992,
    "quantity": 87.2,
    "ts": "2017-07-13T23:00:00.000Z",
    "id": "EUR:BUY:87.2:1511739416092"
  },
  {
    "side": "SELL",
    "ccy": "USD",
    "rate": 1,
    "quantity": 100,
    "ts": "2017-07-11T23:00:00.000Z",
    "id": "USD:SELL:100:1511739416065"
  },
  {
    "side": "BUY",
    "ccy": "EUR",
    "rate": 0.875765,
    "quantity": 87.58,
    "ts": "2017-07-11T23:00:00.000Z",
    "id": "EUR:BUY:87.58:1511739416065"
  },
  {
    "side": "SELL",
    "ccy": "USD",
    "rate": 1,
    "quantity": 100,
    "ts": "2017-07-10T23:00:00.000Z",
    "id": "USD:SELL:100:1511739416052"
  },
  {
    "side": "BUY",
    "ccy": "XAU",
    "rate": 0.00082113,
    "quantity": 0.08,
    "ts": "2017-07-10T23:00:00.000Z",
    "id": "XAU:BUY:0.08:1511739416052"
  },
  {
    "side": "SELL",
    "ccy": "USD",
    "rate": 1,
    "quantity": 100,
    "ts": "2017-07-06T23:00:00.000Z",
    "id": "USD:SELL:100:1511739416036"
  },
  {
    "side": "SELL",
    "ccy": "USD",
    "rate": 1,
    "quantity": 100,
    "ts": "2017-07-06T23:00:00.000Z",
    "id": "USD:SELL:100:1511739416027"
  },
  {
    "side": "BUY",
    "ccy": "PLN",
    "rate": 3.71275,
    "quantity": 371.28,
    "ts": "2017-07-06T23:00:00.000Z",
    "id": "PLN:BUY:371.28:1511739416027"
  },
  {
    "side": "BUY",
    "ccy": "EUR",
    "rate": 0.87696,
    "quantity": 87.7,
    "ts": "2017-07-06T23:00:00.000Z",
    "id": "EUR:BUY:87.7:1511739416036"
  },
  {
    "side": "SELL",
    "ccy": "USD",
    "rate": 1,
    "quantity": 100,
    "ts": "2017-07-04T23:00:00.000Z",
    "id": "USD:SELL:100:1511739416013"
  },
  {
    "side": "SELL",
    "ccy": "USD",
    "rate": 1,
    "quantity": 100,
    "ts": "2017-07-04T23:00:00.000Z",
    "id": "USD:SELL:100:1511739416005"
  },
  {
    "side": "BUY",
    "ccy": "XAU",
    "rate": 0.00081517,
    "quantity": 0.08,
    "ts": "2017-07-04T23:00:00.000Z",
    "id": "XAU:BUY:0.08:1511739416013"
  },
  {
    "side": "BUY",
    "ccy": "EUR",
    "rate": 0.881317,
    "quantity": 88.13,
    "ts": "2017-07-04T23:00:00.000Z",
    "id": "EUR:BUY:88.13:1511739416005"
  },
  {
    "side": "SELL",
    "ccy": "JPY",
    "rate": 112.96922987,
    "quantity": 11392.89,
    "ts": "2017-07-03T23:00:00.000Z",
    "id": "JPY:SELL:11392.89:1511739415997"
  },
  {
    "side": "BUY",
    "ccy": "USD",
    "rate": 1,
    "quantity": 100.84949692151069,
    "ts": "2017-07-03T23:00:00.000Z",
    "id": "USD:BUY:100.84949692151069:1511739415996"
  },
  {
    "side": "SELL",
    "ccy": "USD",
    "rate": 1,
    "quantity": 100,
    "ts": "2017-06-20T23:00:00.000Z",
    "id": "USD:SELL:100:1511739415957"
  },
  {
    "side": "BUY",
    "ccy": "GEL",
    "rate": 2.40794,
    "quantity": 240.79,
    "ts": "2017-06-20T23:00:00.000Z",
    "id": "GEL:BUY:240.79:1511739415957"
  },
  {
    "side": "SELL",
    "ccy": "USD",
    "rate": 1,
    "quantity": 100,
    "ts": "2017-06-19T23:00:00.000Z",
    "id": "USD:SELL:100:1511739415951"
  },
  {
    "side": "BUY",
    "ccy": "CNY",
    "rate": 6.827151,
    "quantity": 682.72,
    "ts": "2017-06-19T23:00:00.000Z",
    "id": "CNY:BUY:682.72:1511739415951"
  },
  {
    "side": "SELL",
    "ccy": "SAR",
    "rate": 3.75035,
    "quantity": 375.03,
    "ts": "2017-06-05T23:00:00.000Z",
    "id": "SAR:SELL:375.03:1511739415921"
  },
  {
    "side": "BUY",
    "ccy": "USD",
    "rate": 1,
    "quantity": 99.99866679109948,
    "ts": "2017-06-05T23:00:00.000Z",
    "id": "USD:BUY:99.99866679109948:1511739415921"
  },
  {
    "side": "SELL",
    "ccy": "XAU",
    "rate": 0.00078198,
    "quantity": 0.08,
    "ts": "2017-06-02T23:00:00.000Z",
    "id": "XAU:SELL:0.08:1511739415913"
  },
  {
    "side": "BUY",
    "ccy": "USD",
    "rate": 1,
    "quantity": 102.30440676232128,
    "ts": "2017-06-02T23:00:00.000Z",
    "id": "USD:BUY:102.30440676232128:1511739415913"
  },
  {
    "side": "SELL",
    "ccy": "USD",
    "rate": 1,
    "quantity": 100,
    "ts": "2017-06-01T23:00:00.000Z",
    "id": "USD:SELL:100:1511739415906"
  },
  {
    "side": "SELL",
    "ccy": "JOD",
    "rate": 0.709603,
    "quantity": 141.98,
    "ts": "2017-06-01T23:00:00.000Z",
    "id": "JOD:SELL:141.98:1511739415900"
  },
  {
    "side": "BUY",
    "ccy": "XAU",
    "rate": 0.00078198,
    "quantity": 0.08,
    "ts": "2017-06-01T23:00:00.000Z",
    "id": "XAU:BUY:0.08:1511739415906"
  },
  {
    "side": "BUY",
    "ccy": "USD",
    "rate": 1,
    "quantity": 200.08370877800684,
    "ts": "2017-06-01T23:00:00.000Z",
    "id": "USD:BUY:200.08370877800684:1511739415900"
  },
  {
    "side": "SELL",
    "ccy": "CNY",
    "rate": 6.855242,
    "quantity": 2067.1000000000004,
    "ts": "2017-05-28T23:00:00.000Z",
    "id": "CNY:SELL:2067.1000000000004:1511739415886"
  },
  {
    "side": "BUY",
    "ccy": "USD",
    "rate": 1,
    "quantity": 301.53567153427997,
    "ts": "2017-05-28T23:00:00.000Z",
    "id": "USD:BUY:301.53567153427997:1511739415886"
  },
  {
    "side": "SELL",
    "ccy": "EUR",
    "rate": 0.89476,
    "quantity": 271.54,
    "ts": "2017-05-27T23:00:00.000Z",
    "id": "EUR:SELL:271.54:1511739415878"
  },
  {
    "side": "BUY",
    "ccy": "USD",
    "rate": 1,
    "quantity": 303.47802762752025,
    "ts": "2017-05-27T23:00:00.000Z",
    "id": "USD:BUY:303.47802762752025:1511739415878"
  },
  {
    "side": "SELL",
    "ccy": "USD",
    "rate": 1,
    "quantity": 100,
    "ts": "2017-05-25T23:00:00.000Z",
    "id": "USD:SELL:100:1511739415871"
  },
  {
    "side": "BUY",
    "ccy": "EUR",
    "rate": 0.894254,
    "quantity": 89.43,
    "ts": "2017-05-25T23:00:00.000Z",
    "id": "EUR:BUY:89.43:1511739415871"
  },
  {
    "side": "SELL",
    "ccy": "USD",
    "rate": 1,
    "quantity": 100,
    "ts": "2017-05-23T23:00:00.000Z",
    "id": "USD:SELL:100:1511739415861"
  },
  {
    "side": "BUY",
    "ccy": "EUR",
    "rate": 0.890464,
    "quantity": 89.05,
    "ts": "2017-05-23T23:00:00.000Z",
    "id": "EUR:BUY:89.05:1511739415861"
  },
  {
    "side": "SELL",
    "ccy": "USD",
    "rate": 1,
    "quantity": 100,
    "ts": "2017-05-22T23:00:00.000Z",
    "id": "USD:SELL:100:1511739415843"
  },
  {
    "side": "SELL",
    "ccy": "ILS",
    "rate": 3.59345,
    "quantity": 365.69,
    "ts": "2017-05-22T23:00:00.000Z",
    "id": "ILS:SELL:365.69:1511739415853"
  },
  {
    "side": "BUY",
    "ccy": "USD",
    "rate": 1,
    "quantity": 101.7657126160097,
    "ts": "2017-05-22T23:00:00.000Z",
    "id": "USD:BUY:101.7657126160097:1511739415853"
  },
  {
    "side": "BUY",
    "ccy": "GBP",
    "rate": 0.771818,
    "quantity": 77.18,
    "ts": "2017-05-22T23:00:00.000Z",
    "id": "GBP:BUY:77.18:1511739415844"
  },
  {
    "side": "SELL",
    "ccy": "XAU",
    "rate": 0.0007965,
    "quantity": 0.16,
    "ts": "2017-05-19T23:00:00.000Z",
    "id": "XAU:SELL:0.16:1511739415837"
  },
  {
    "side": "SELL",
    "ccy": "USD",
    "rate": 1,
    "quantity": 100,
    "ts": "2017-05-19T23:00:00.000Z",
    "id": "USD:SELL:100:1511739415827"
  },
  {
    "side": "BUY",
    "ccy": "USD",
    "rate": 1,
    "quantity": 200.87884494664155,
    "ts": "2017-05-19T23:00:00.000Z",
    "id": "USD:BUY:200.87884494664155:1511739415837"
  },
  {
    "side": "BUY",
    "ccy": "SAR",
    "rate": 3.7503,
    "quantity": 375.03,
    "ts": "2017-05-19T23:00:00.000Z",
    "id": "SAR:BUY:375.03:1511739415827"
  },
  {
    "side": "SELL",
    "ccy": "USD",
    "rate": 1,
    "quantity": 100,
    "ts": "2017-05-11T23:00:00.000Z",
    "id": "USD:SELL:100:1511739415821"
  },
  {
    "side": "BUY",
    "ccy": "CNY",
    "rate": 6.8989,
    "quantity": 689.89,
    "ts": "2017-05-11T23:00:00.000Z",
    "id": "CNY:BUY:689.89:1511739415821"
  },
  {
    "side": "SELL",
    "ccy": "USD",
    "rate": 1,
    "quantity": 100,
    "ts": "2017-04-26T23:00:00.000Z",
    "id": "USD:SELL:100:1511739415804"
  },
  {
    "side": "BUY",
    "ccy": "XAU",
    "rate": 0.00079095,
    "quantity": 0.08,
    "ts": "2017-04-26T23:00:00.000Z",
    "id": "XAU:BUY:0.08:1511739415804"
  },
  {
    "side": "SELL",
    "ccy": "USD",
    "rate": 1,
    "quantity": 100,
    "ts": "2017-04-25T23:00:00.000Z",
    "id": "USD:SELL:100:1511739415797"
  },
  {
    "side": "BUY",
    "ccy": "XAU",
    "rate": 0.00078902,
    "quantity": 0.08,
    "ts": "2017-04-25T23:00:00.000Z",
    "id": "XAU:BUY:0.08:1511739415797"
  },
  {
    "side": "SELL",
    "ccy": "MXN",
    "rate": 18.627172,
    "quantity": 2089.32,
    "ts": "2017-04-22T23:00:00.000Z",
    "id": "MXN:SELL:2089.32:1511739415784"
  },
  {
    "side": "BUY",
    "ccy": "USD",
    "rate": 1,
    "quantity": 112.16517461695206,
    "ts": "2017-04-22T23:00:00.000Z",
    "id": "USD:BUY:112.16517461695206:1511739415784"
  },
  {
    "side": "SELL",
    "ccy": "USD",
    "rate": 1,
    "quantity": 100,
    "ts": "2017-04-20T23:00:00.000Z",
    "id": "USD:SELL:100:1511739415776"
  },
  {
    "side": "BUY",
    "ccy": "CNY",
    "rate": 6.8847,
    "quantity": 688.47,
    "ts": "2017-04-20T23:00:00.000Z",
    "id": "CNY:BUY:688.47:1511739415776"
  },
  {
    "side": "SELL",
    "ccy": "USD",
    "rate": 1,
    "quantity": 100,
    "ts": "2017-04-18T23:00:00.000Z",
    "id": "USD:SELL:100:1511739415763"
  },
  {
    "side": "SELL",
    "ccy": "GEL",
    "rate": 2.3912,
    "quantity": 239.12,
    "ts": "2017-04-18T23:00:00.000Z",
    "id": "GEL:SELL:239.12:1511739415770"
  },
  {
    "side": "BUY",
    "ccy": "USD",
    "rate": 1,
    "quantity": 100,
    "ts": "2017-04-18T23:00:00.000Z",
    "id": "USD:BUY:100:1511739415770"
  },
  {
    "side": "BUY",
    "ccy": "GEL",
    "rate": 2.3912,
    "quantity": 239.12,
    "ts": "2017-04-18T23:00:00.000Z",
    "id": "GEL:BUY:239.12:1511739415763"
  },
  {
    "side": "SELL",
    "ccy": "USD",
    "rate": 1,
    "quantity": 100,
    "ts": "2017-04-12T23:00:00.000Z",
    "id": "USD:SELL:100:1511739415736"
  },
  {
    "side": "BUY",
    "ccy": "CNY",
    "rate": 6.887363,
    "quantity": 688.74,
    "ts": "2017-04-12T23:00:00.000Z",
    "id": "CNY:BUY:688.74:1511739415736"
  },
  {
    "side": "SELL",
    "ccy": "USD",
    "rate": 1,
    "quantity": 100,
    "ts": "2017-04-09T23:00:00.000Z",
    "id": "USD:SELL:100:1511739415713"
  },
  {
    "side": "BUY",
    "ccy": "ILS",
    "rate": 3.656915,
    "quantity": 365.69,
    "ts": "2017-04-09T23:00:00.000Z",
    "id": "ILS:BUY:365.69:1511739415713"
  },
  {
    "side": "SELL",
    "ccy": "USD",
    "rate": 1,
    "quantity": 100,
    "ts": "2017-03-29T23:00:00.000Z",
    "id": "USD:SELL:100:1511739415648"
  },
  {
    "side": "SELL",
    "ccy": "USD",
    "rate": 1,
    "quantity": 100,
    "ts": "2017-03-29T23:00:00.000Z",
    "id": "USD:SELL:100:1511739415639"
  },
  {
    "side": "SELL",
    "ccy": "CNY",
    "rate": 6.88885,
    "quantity": 689.61,
    "ts": "2017-03-29T23:00:00.000Z",
    "id": "CNY:SELL:689.61:1511739415664"
  },
  {
    "side": "BUY",
    "ccy": "USD",
    "rate": 1,
    "quantity": 100.10524252959493,
    "ts": "2017-03-29T23:00:00.000Z",
    "id": "USD:BUY:100.10524252959493:1511739415664"
  },
  {
    "side": "BUY",
    "ccy": "JOD",
    "rate": 0.709904,
    "quantity": 70.99,
    "ts": "2017-03-29T23:00:00.000Z",
    "id": "JOD:BUY:70.99:1511739415648"
  },
  {
    "side": "BUY",
    "ccy": "JOD",
    "rate": 0.709904,
    "quantity": 70.99,
    "ts": "2017-03-29T23:00:00.000Z",
    "id": "JOD:BUY:70.99:1511739415639"
  },
  {
    "side": "SELL",
    "ccy": "USD",
    "rate": 1,
    "quantity": 100,
    "ts": "2017-03-18T00:00:00.000Z",
    "id": "USD:SELL:100:1511739415629"
  },
  {
    "side": "BUY",
    "ccy": "EUR",
    "rate": 0.9306,
    "quantity": 93.06,
    "ts": "2017-03-18T00:00:00.000Z",
    "id": "EUR:BUY:93.06:1511739415629"
  },
  {
    "side": "SELL",
    "ccy": "USD",
    "rate": 1,
    "quantity": 100,
    "ts": "2017-03-17T00:00:00.000Z",
    "id": "USD:SELL:100:1511739415611"
  },
  {
    "side": "BUY",
    "ccy": "CNY",
    "rate": 6.89605,
    "quantity": 689.61,
    "ts": "2017-03-17T00:00:00.000Z",
    "id": "CNY:BUY:689.61:1511739415611"
  },
  {
    "side": "SELL",
    "ccy": "USD",
    "rate": 1,
    "quantity": 100,
    "ts": "2017-02-12T00:00:00.000Z",
    "id": "USD:SELL:100:1511739415545"
  },
  {
    "side": "BUY",
    "ccy": "JPY",
    "rate": 113.9289409,
    "quantity": 11392.89,
    "ts": "2017-02-12T00:00:00.000Z",
    "id": "JPY:BUY:11392.89:1511739415545"
  },
  {
    "side": "SELL",
    "ccy": "USD",
    "rate": 1,
    "quantity": 100,
    "ts": "2017-01-27T00:00:00.000Z",
    "id": "USD:SELL:100:1511739415457"
  },
  {
    "side": "BUY",
    "ccy": "MXN",
    "rate": 20.89315,
    "quantity": 2089.32,
    "ts": "2017-01-27T00:00:00.000Z",
    "id": "MXN:BUY:2089.32:1511739415457"
  },
  {
    "side": "SELL",
    "ccy": "USD",
    "rate": 1,
    "quantity": 100,
    "ts": "2017-01-26T00:00:00.000Z",
    "id": "USD:SELL:100:1511739415426"
  },
  {
    "side": "SELL",
    "ccy": "MXN",
    "rate": 21.21945,
    "quantity": 2121.94,
    "ts": "2017-01-26T00:00:00.000Z",
    "id": "MXN:SELL:2121.94:1511739415443"
  },
  {
    "side": "BUY",
    "ccy": "USD",
    "rate": 1,
    "quantity": 99.99976436712545,
    "ts": "2017-01-26T00:00:00.000Z",
    "id": "USD:BUY:99.99976436712545:1511739415443"
  },
  {
    "side": "BUY",
    "ccy": "MXN",
    "rate": 21.21945,
    "quantity": 2121.94,
    "ts": "2017-01-26T00:00:00.000Z",
    "id": "MXN:BUY:2121.94:1511739415426"
  }
]
