[
  {
    "side": "SELL",
    "ccy": "MXN",
    "rate": 18.599998,
    "quantity": 5679.04,
    "ts": "2018-01-18T13:16:26.000Z",
    "id": "MXN:SELL:5679.04:1516637239582"
  },
  {
    "side": "BUY",
    "ccy": "USD",
    "rate": 1,
    "quantity": 305.3247640134155,
    "ts": "2018-01-18T13:16:26.000Z",
    "id": "USD:BUY:305.3247640134155:1516637239582"
  },
  {
    "side": "SELL",
    "ccy": "USD",
    "rate": 1,
    "quantity": 100,
    "ts": "2018-01-17T23:32:58.000Z",
    "id": "USD:SELL:100:1516637239567"
  },
  {
    "side": "BUY",
    "ccy": "MXN",
    "rate": 18.719376,
    "quantity": 1871.94,
    "ts": "2018-01-17T23:32:58.000Z",
    "id": "MXN:BUY:1871.94:1516637239567"
  },
  {
    "side": "SELL",
    "ccy": "USD",
    "rate": 1,
    "quantity": 100,
    "ts": "2018-01-12T02:53:05.000Z",
    "id": "USD:SELL:100:1516637239538"
  },
  {
    "side": "BUY",
    "ccy": "MXN",
    "rate": 19.0355,
    "quantity": 1903.55,
    "ts": "2018-01-12T02:53:05.000Z",
    "id": "MXN:BUY:1903.55:1516637239538"
  },
  {
    "side": "SELL",
    "ccy": "USD",
    "rate": 1,
    "quantity": 100,
    "ts": "2018-01-12T02:49:56.000Z",
    "id": "USD:SELL:100:1516637239531"
  },
  {
    "side": "BUY",
    "ccy": "MXN",
    "rate": 19.0355,
    "quantity": 1903.55,
    "ts": "2018-01-12T02:49:56.000Z",
    "id": "MXN:BUY:1903.55:1516637239531"
  },
  {
    "side": "SELL",
    "ccy": "CNY",
    "rate": 6.61205,
    "quantity": 664.01,
    "ts": "2017-11-30T12:25:00.000Z",
    "id": "CNY:SELL:664.01:1516637239447"
  },
  {
    "side": "BUY",
    "ccy": "USD",
    "rate": 1,
    "quantity": 100.42422546713954,
    "ts": "2017-11-30T12:25:00.000Z",
    "id": "USD:BUY:100.42422546713954:1516637239447"
  },
  {
    "side": "SELL",
    "ccy": "PHP",
    "rate": 50.877643,
    "quantity": 5113.779999999998,
    "ts": "2017-11-15T10:45:39.000Z",
    "id": "PHP:SELL:5113.779999999998:1516637239354"
  },
  {
    "side": "BUY",
    "ccy": "USD",
    "rate": 1,
    "quantity": 100.51133854608787,
    "ts": "2017-11-15T10:45:39.000Z",
    "id": "USD:BUY:100.51133854608787:1516637239354"
  },
  {
    "side": "SELL",
    "ccy": "USD",
    "rate": 1,
    "quantity": 100,
    "ts": "2017-11-14T09:11:51.000Z",
    "id": "USD:SELL:100:1516637239346"
  },
  {
    "side": "BUY",
    "ccy": "PHP",
    "rate": 51.13782,
    "quantity": 5113.78,
    "ts": "2017-11-14T09:11:51.000Z",
    "id": "PHP:BUY:5113.78:1516637239346"
  },
  {
    "side": "SELL",
    "ccy": "PHP",
    "rate": 51.195,
    "quantity": 15364.920000000002,
    "ts": "2017-11-13T12:33:24.000Z",
    "id": "PHP:SELL:15364.920000000002:1516637239326"
  },
  {
    "side": "BUY",
    "ccy": "USD",
    "rate": 1,
    "quantity": 300.1254028713742,
    "ts": "2017-11-13T12:33:24.000Z",
    "id": "USD:BUY:300.1254028713742:1516637239326"
  },
  {
    "side": "SELL",
    "ccy": "USD",
    "rate": 1,
    "quantity": 100,
    "ts": "2017-11-12T11:20:20.000Z",
    "id": "USD:SELL:100:1516637239317"
  },
  {
    "side": "BUY",
    "ccy": "PHP",
    "rate": 51.216393,
    "quantity": 5121.64,
    "ts": "2017-11-12T11:20:20.000Z",
    "id": "PHP:BUY:5121.64:1516637239318"
  },
  {
    "side": "SELL",
    "ccy": "USD",
    "rate": 1,
    "quantity": 100,
    "ts": "2017-11-12T10:21:06.000Z",
    "id": "USD:SELL:100:1516637239304"
  },
  {
    "side": "BUY",
    "ccy": "PHP",
    "rate": 51.216393,
    "quantity": 5121.64,
    "ts": "2017-11-12T10:21:06.000Z",
    "id": "PHP:BUY:5121.64:1516637239304"
  },
  {
    "side": "SELL",
    "ccy": "USD",
    "rate": 1,
    "quantity": 100,
    "ts": "2017-11-12T10:06:58.000Z",
    "id": "USD:SELL:100:1516637239296"
  },
  {
    "side": "BUY",
    "ccy": "PHP",
    "rate": 51.216393,
    "quantity": 5121.64,
    "ts": "2017-11-12T10:06:58.000Z",
    "id": "PHP:BUY:5121.64:1516637239296"
  },
  {
    "side": "SELL",
    "ccy": "USD",
    "rate": 1,
    "quantity": 100,
    "ts": "2017-11-12T00:16:05.000Z",
    "id": "USD:SELL:100:1516637239282"
  },
  {
    "side": "BUY",
    "ccy": "CNY",
    "rate": 6.6401,
    "quantity": 664.01,
    "ts": "2017-11-12T00:16:05.000Z",
    "id": "CNY:BUY:664.01:1516637239282"
  },
  {
    "side": "SELL",
    "ccy": "CNY",
    "rate": 6.638559,
    "quantity": 1990.48,
    "ts": "2017-11-09T23:39:56.000Z",
    "id": "CNY:SELL:1990.48:1516637239248"
  },
  {
    "side": "BUY",
    "ccy": "USD",
    "rate": 1,
    "quantity": 299.83615420153683,
    "ts": "2017-11-09T23:39:56.000Z",
    "id": "USD:BUY:299.83615420153683:1516637239248"
  },
  {
    "side": "SELL",
    "ccy": "USD",
    "rate": 1,
    "quantity": 100,
    "ts": "2017-11-09T13:58:32.000Z",
    "id": "USD:SELL:100:1516637239241"
  },
  {
    "side": "BUY",
    "ccy": "CNY",
    "rate": 6.638559,
    "quantity": 663.86,
    "ts": "2017-11-09T13:58:32.000Z",
    "id": "CNY:BUY:663.86:1516637239241"
  },
  {
    "side": "SELL",
    "ccy": "USD",
    "rate": 1,
    "quantity": 100,
    "ts": "2017-11-08T01:00:15.000Z",
    "id": "USD:SELL:100:1516637239224"
  },
  {
    "side": "BUY",
    "ccy": "CNY",
    "rate": 6.627825,
    "quantity": 662.78,
    "ts": "2017-11-08T01:00:15.000Z",
    "id": "CNY:BUY:662.78:1516637239224"
  },
  {
    "side": "SELL",
    "ccy": "USD",
    "rate": 1,
    "quantity": 100,
    "ts": "2017-11-06T21:15:32.000Z",
    "id": "USD:SELL:100:1516637239216"
  },
  {
    "side": "BUY",
    "ccy": "JPY",
    "rate": 113.77165385,
    "quantity": 11377.17,
    "ts": "2017-11-06T21:15:32.000Z",
    "id": "JPY:BUY:11377.17:1516637239216"
  },
  {
    "side": "SELL",
    "ccy": "USD",
    "rate": 1,
    "quantity": 100,
    "ts": "2017-11-05T02:59:05.000Z",
    "id": "USD:SELL:100:1516637239208"
  },
  {
    "side": "BUY",
    "ccy": "JPY",
    "rate": 114.16829,
    "quantity": 11416.83,
    "ts": "2017-11-05T02:59:05.000Z",
    "id": "JPY:BUY:11416.83:1516637239208"
  },
  {
    "side": "SELL",
    "ccy": "XAU",
    "rate": 0.00078722,
    "quantity": 0.08000000000000002,
    "ts": "2017-11-04T12:49:26.000Z",
    "id": "XAU:SELL:0.08000000000000002:1516637239201"
  },
  {
    "side": "BUY",
    "ccy": "USD",
    "rate": 1,
    "quantity": 101.62343436396435,
    "ts": "2017-11-04T12:49:26.000Z",
    "id": "USD:BUY:101.62343436396435:1516637239201"
  },
  {
    "side": "SELL",
    "ccy": "USD",
    "rate": 1,
    "quantity": 100,
    "ts": "2017-11-02T19:58:56.000Z",
    "id": "USD:SELL:100:1516637239187"
  },
  {
    "side": "BUY",
    "ccy": "SGD",
    "rate": 1.35881,
    "quantity": 135.88,
    "ts": "2017-11-02T19:58:56.000Z",
    "id": "SGD:BUY:135.88:1516637239187"
  },
  {
    "side": "SELL",
    "ccy": "USD",
    "rate": 1,
    "quantity": 100,
    "ts": "2017-11-02T02:19:44.000Z",
    "id": "USD:SELL:100:1516637239178"
  },
  {
    "side": "BUY",
    "ccy": "XAU",
    "rate": 0.0007826,
    "quantity": 0.08,
    "ts": "2017-11-02T02:19:44.000Z",
    "id": "XAU:BUY:0.08:1516637239178"
  },
  {
    "side": "SELL",
    "ccy": "USD",
    "rate": 1,
    "quantity": 100,
    "ts": "2017-10-25T19:39:22.000Z",
    "id": "USD:SELL:100:1516637239163"
  },
  {
    "side": "BUY",
    "ccy": "CNY",
    "rate": 6.6384,
    "quantity": 663.84,
    "ts": "2017-10-25T19:39:22.000Z",
    "id": "CNY:BUY:663.84:1516637239163"
  },
  {
    "side": "SELL",
    "ccy": "USD",
    "rate": 1,
    "quantity": 100,
    "ts": "2017-10-16T12:49:27.000Z",
    "id": "USD:SELL:100:1516637239148"
  },
  {
    "side": "BUY",
    "ccy": "ILS",
    "rate": 3.495,
    "quantity": 349.5,
    "ts": "2017-10-16T12:49:27.000Z",
    "id": "ILS:BUY:349.5:1516637239149"
  },
  {
    "side": "SELL",
    "ccy": "USD",
    "rate": 1,
    "quantity": 100,
    "ts": "2017-10-14T00:53:59.000Z",
    "id": "USD:SELL:100:1516637239140"
  },
  {
    "side": "BUY",
    "ccy": "PKR",
    "rate": 105.375,
    "quantity": 10537.5,
    "ts": "2017-10-14T00:53:59.000Z",
    "id": "PKR:BUY:10537.5:1516637239140"
  },
  {
    "side": "SELL",
    "ccy": "XAU",
    "rate": 0.00078241,
    "quantity": 0.07999999999999999,
    "ts": "2017-10-01T12:22:14.000Z",
    "id": "XAU:SELL:0.07999999999999999:1516637239106"
  },
  {
    "side": "BUY",
    "ccy": "USD",
    "rate": 1,
    "quantity": 102.24818189951559,
    "ts": "2017-10-01T12:22:14.000Z",
    "id": "USD:BUY:102.24818189951559:1516637239106"
  },
  {
    "side": "SELL",
    "ccy": "USD",
    "rate": 1,
    "quantity": 100,
    "ts": "2017-09-30T19:57:29.000Z",
    "id": "USD:SELL:100:1516637239098"
  },
  {
    "side": "BUY",
    "ccy": "XAU",
    "rate": 0.00078189,
    "quantity": 0.08,
    "ts": "2017-09-30T19:57:29.000Z",
    "id": "XAU:BUY:0.08:1516637239098"
  },
  {
    "side": "SELL",
    "ccy": "XAU",
    "rate": 0.00078189,
    "quantity": 0.07999999999999999,
    "ts": "2017-09-30T11:55:46.000Z",
    "id": "XAU:SELL:0.07999999999999999:1516637239070"
  },
  {
    "side": "BUY",
    "ccy": "USD",
    "rate": 1,
    "quantity": 102.3161825832278,
    "ts": "2017-09-30T11:55:46.000Z",
    "id": "USD:BUY:102.3161825832278:1516637239070"
  },
  {
    "side": "SELL",
    "ccy": "USD",
    "rate": 1,
    "quantity": 100,
    "ts": "2017-09-30T11:26:16.000Z",
    "id": "USD:SELL:100:1516637239062"
  },
  {
    "side": "BUY",
    "ccy": "XAU",
    "rate": 0.00078189,
    "quantity": 0.08,
    "ts": "2017-09-30T11:26:16.000Z",
    "id": "XAU:BUY:0.08:1516637239062"
  },
  {
    "side": "SELL",
    "ccy": "XAU",
    "rate": 0.00078189,
    "quantity": 0.07999999999999999,
    "ts": "2017-09-29T13:30:27.000Z",
    "id": "XAU:SELL:0.07999999999999999:1516637239055"
  },
  {
    "side": "BUY",
    "ccy": "USD",
    "rate": 1,
    "quantity": 102.3161825832278,
    "ts": "2017-09-29T13:30:27.000Z",
    "id": "USD:BUY:102.3161825832278:1516637239055"
  },
  {
    "side": "SELL",
    "ccy": "USD",
    "rate": 1,
    "quantity": 100,
    "ts": "2017-09-29T11:18:55.000Z",
    "id": "USD:SELL:100:1516637239048"
  },
  {
    "side": "BUY",
    "ccy": "XAU",
    "rate": 0.00078189,
    "quantity": 0.08,
    "ts": "2017-09-29T11:18:55.000Z",
    "id": "XAU:BUY:0.08:1516637239048"
  },
  {
    "side": "SELL",
    "ccy": "XAU",
    "rate": 0.00077698,
    "quantity": 0.23000000000000004,
    "ts": "2017-09-28T14:01:16.000Z",
    "id": "XAU:SELL:0.23000000000000004:1516637239035"
  },
  {
    "side": "BUY",
    "ccy": "USD",
    "rate": 1,
    "quantity": 296.01791551906103,
    "ts": "2017-09-28T14:01:16.000Z",
    "id": "USD:BUY:296.01791551906103:1516637239035"
  },
  {
    "side": "SELL",
    "ccy": "USD",
    "rate": 1,
    "quantity": 100,
    "ts": "2017-09-27T01:15:55.000Z",
    "id": "USD:SELL:100:1516637239027"
  },
  {
    "side": "BUY",
    "ccy": "JMD",
    "rate": 129.84,
    "quantity": 12984,
    "ts": "2017-09-27T01:15:55.000Z",
    "id": "JMD:BUY:12984:1516637239027"
  },
  {
    "side": "SELL",
    "ccy": "USD",
    "rate": 1,
    "quantity": 100,
    "ts": "2017-09-26T00:45:48.000Z",
    "id": "USD:SELL:100:1516637239012"
  },
  {
    "side": "BUY",
    "ccy": "XAU",
    "rate": 0.00077316,
    "quantity": 0.08,
    "ts": "2017-09-26T00:45:48.000Z",
    "id": "XAU:BUY:0.08:1516637239012"
  },
  {
    "side": "SELL",
    "ccy": "USD",
    "rate": 1,
    "quantity": 100,
    "ts": "2017-09-23T21:59:04.000Z",
    "id": "USD:SELL:100:1516637239005"
  },
  {
    "side": "BUY",
    "ccy": "ILS",
    "rate": 3.4933,
    "quantity": 349.33,
    "ts": "2017-09-23T21:59:04.000Z",
    "id": "ILS:BUY:349.33:1516637239005"
  },
  {
    "side": "SELL",
    "ccy": "USD",
    "rate": 1,
    "quantity": 100,
    "ts": "2017-09-20T15:23:46.000Z",
    "id": "USD:SELL:100:1516637238995"
  },
  {
    "side": "BUY",
    "ccy": "JOD",
    "rate": 0.709001,
    "quantity": 70.9,
    "ts": "2017-09-20T15:23:46.000Z",
    "id": "JOD:BUY:70.9:1516637238995"
  },
  {
    "side": "SELL",
    "ccy": "USD",
    "rate": 1,
    "quantity": 100,
    "ts": "2017-09-15T10:54:14.000Z",
    "id": "USD:SELL:100:1516637238968"
  },
  {
    "side": "BUY",
    "ccy": "XAU",
    "rate": 0.00075752,
    "quantity": 0.08,
    "ts": "2017-09-15T10:54:14.000Z",
    "id": "XAU:BUY:0.08:1516637238968"
  },
  {
    "side": "SELL",
    "ccy": "USD",
    "rate": 1,
    "quantity": 100,
    "ts": "2017-09-05T12:36:57.000Z",
    "id": "USD:SELL:100:1516637238946"
  },
  {
    "side": "BUY",
    "ccy": "JPY",
    "rate": 108.60122146,
    "quantity": 10860.12,
    "ts": "2017-09-05T12:36:57.000Z",
    "id": "JPY:BUY:10860.12:1516637238946"
  },
  {
    "side": "SELL",
    "ccy": "USD",
    "rate": 1,
    "quantity": 100,
    "ts": "2017-09-03T11:30:41.000Z",
    "id": "USD:SELL:100:1516637238933"
  },
  {
    "side": "BUY",
    "ccy": "XAU",
    "rate": 0.00074839,
    "quantity": 0.07,
    "ts": "2017-09-03T11:30:41.000Z",
    "id": "XAU:BUY:0.07:1516637238934"
  },
  {
    "side": "SELL",
    "ccy": "XAU",
    "rate": 0.00077719,
    "quantity": 0.08,
    "ts": "2017-08-24T00:52:51.000Z",
    "id": "XAU:SELL:0.08:1516637238895"
  },
  {
    "side": "BUY",
    "ccy": "USD",
    "rate": 1,
    "quantity": 102.93493225594771,
    "ts": "2017-08-24T00:52:51.000Z",
    "id": "USD:BUY:102.93493225594771:1516637238895"
  },
  {
    "side": "SELL",
    "ccy": "USD",
    "rate": 1,
    "quantity": 100,
    "ts": "2017-08-10T20:18:30.000Z",
    "id": "USD:SELL:100:1516637238870"
  },
  {
    "side": "BUY",
    "ccy": "INR",
    "rate": 64.1511,
    "quantity": 6415.11,
    "ts": "2017-08-10T20:18:30.000Z",
    "id": "INR:BUY:6415.11:1516637238870"
  },
  {
    "side": "SELL",
    "ccy": "EUR",
    "rate": 0.8674,
    "quantity": 174.40000000000032,
    "ts": "2017-07-19T00:59:56.000Z",
    "id": "EUR:SELL:174.40000000000032:1516637238817"
  },
  {
    "side": "BUY",
    "ccy": "USD",
    "rate": 1,
    "quantity": 201.06064099608062,
    "ts": "2017-07-19T00:59:56.000Z",
    "id": "USD:BUY:201.06064099608062:1516637238817"
  },
  {
    "side": "SELL",
    "ccy": "USD",
    "rate": 1,
    "quantity": 100,
    "ts": "2017-07-14T22:39:14.000Z",
    "id": "USD:SELL:100:1516637238808"
  },
  {
    "side": "BUY",
    "ccy": "EUR",
    "rate": 0.871992,
    "quantity": 87.2,
    "ts": "2017-07-14T22:39:14.000Z",
    "id": "EUR:BUY:87.2:1516637238808"
  },
  {
    "side": "SELL",
    "ccy": "USD",
    "rate": 1,
    "quantity": 100,
    "ts": "2017-07-14T22:22:58.000Z",
    "id": "USD:SELL:100:1516637238800"
  },
  {
    "side": "BUY",
    "ccy": "EUR",
    "rate": 0.871992,
    "quantity": 87.2,
    "ts": "2017-07-14T22:22:58.000Z",
    "id": "EUR:BUY:87.2:1516637238801"
  },
  {
    "side": "SELL",
    "ccy": "USD",
    "rate": 1,
    "quantity": 100,
    "ts": "2017-07-14T13:39:47.000Z",
    "id": "USD:SELL:100:1516637238791"
  },
  {
    "side": "BUY",
    "ccy": "XAU",
    "rate": 0.00081373,
    "quantity": 0.08,
    "ts": "2017-07-14T13:39:47.000Z",
    "id": "XAU:BUY:0.08:1516637238791"
  },
  {
    "side": "SELL",
    "ccy": "XAU",
    "rate": 0.00081373,
    "quantity": 0.08,
    "ts": "2017-07-14T11:04:16.000Z",
    "id": "XAU:SELL:0.08:1516637238785"
  },
  {
    "side": "BUY",
    "ccy": "USD",
    "rate": 1,
    "quantity": 98.31270814643678,
    "ts": "2017-07-14T11:04:16.000Z",
    "id": "USD:BUY:98.31270814643678:1516637238785"
  },
  {
    "side": "SELL",
    "ccy": "EUR",
    "rate": 0.875765,
    "quantity": 895.2799999999997,
    "ts": "2017-07-12T22:35:53.000Z",
    "id": "EUR:SELL:895.2799999999997:1516637238770"
  },
  {
    "side": "BUY",
    "ccy": "USD",
    "rate": 1,
    "quantity": 1022.2833751063353,
    "ts": "2017-07-12T22:35:53.000Z",
    "id": "USD:BUY:1022.2833751063353:1516637238770"
  },
  {
    "side": "SELL",
    "ccy": "USD",
    "rate": 1,
    "quantity": 100,
    "ts": "2017-07-07T23:33:26.000Z",
    "id": "USD:SELL:100:1516637238740"
  },
  {
    "side": "BUY",
    "ccy": "EUR",
    "rate": 0.87696,
    "quantity": 87.7,
    "ts": "2017-07-07T23:33:26.000Z",
    "id": "EUR:BUY:87.7:1516637238740"
  },
  {
    "side": "SELL",
    "ccy": "USD",
    "rate": 1,
    "quantity": 100,
    "ts": "2017-07-07T06:59:02.000Z",
    "id": "USD:SELL:100:1516637238731"
  },
  {
    "side": "BUY",
    "ccy": "PLN",
    "rate": 3.71275,
    "quantity": 371.28,
    "ts": "2017-07-07T06:59:02.000Z",
    "id": "PLN:BUY:371.28:1516637238731"
  },
  {
    "side": "SELL",
    "ccy": "USD",
    "rate": 1,
    "quantity": 100,
    "ts": "2017-07-05T11:14:11.000Z",
    "id": "USD:SELL:100:1516637238714"
  },
  {
    "side": "BUY",
    "ccy": "XAU",
    "rate": 0.00081517,
    "quantity": 0.08,
    "ts": "2017-07-05T11:14:11.000Z",
    "id": "XAU:BUY:0.08:1516637238714"
  },
  {
    "side": "SELL",
    "ccy": "USD",
    "rate": 1,
    "quantity": 100,
    "ts": "2017-07-05T10:51:59.000Z",
    "id": "USD:SELL:100:1516637238708"
  },
  {
    "side": "BUY",
    "ccy": "EUR",
    "rate": 0.881317,
    "quantity": 88.13,
    "ts": "2017-07-05T10:51:59.000Z",
    "id": "EUR:BUY:88.13:1516637238708"
  },
  {
    "side": "SELL",
    "ccy": "USD",
    "rate": 1,
    "quantity": 100,
    "ts": "2017-07-04T02:24:39.000Z",
    "id": "USD:SELL:100:1516637238701"
  },
  {
    "side": "BUY",
    "ccy": "JPY",
    "rate": 112.96922987,
    "quantity": 11296.92,
    "ts": "2017-07-04T02:24:39.000Z",
    "id": "JPY:BUY:11296.92:1516637238701"
  },
  {
    "side": "SELL",
    "ccy": "USD",
    "rate": 1,
    "quantity": 100,
    "ts": "2017-07-03T11:38:20.000Z",
    "id": "USD:SELL:100:1516637238693"
  },
  {
    "side": "BUY",
    "ccy": "EUR",
    "rate": 0.879313,
    "quantity": 87.93,
    "ts": "2017-07-03T11:38:20.000Z",
    "id": "EUR:BUY:87.93:1516637238693"
  },
  {
    "side": "SELL",
    "ccy": "USD",
    "rate": 1,
    "quantity": 100,
    "ts": "2017-07-03T11:00:56.000Z",
    "id": "USD:SELL:100:1516637238686"
  },
  {
    "side": "BUY",
    "ccy": "EUR",
    "rate": 0.879313,
    "quantity": 87.93,
    "ts": "2017-07-03T11:00:56.000Z",
    "id": "EUR:BUY:87.93:1516637238687"
  },
  {
    "side": "SELL",
    "ccy": "USD",
    "rate": 1,
    "quantity": 100,
    "ts": "2017-06-21T02:41:23.000Z",
    "id": "USD:SELL:100:1516637238655"
  },
  {
    "side": "BUY",
    "ccy": "GEL",
    "rate": 2.40794,
    "quantity": 240.79,
    "ts": "2017-06-21T02:41:23.000Z",
    "id": "GEL:BUY:240.79:1516637238656"
  },
  {
    "side": "SELL",
    "ccy": "USD",
    "rate": 1,
    "quantity": 100,
    "ts": "2017-05-30T10:40:36.000Z",
    "id": "USD:SELL:100:1516637238595"
  },
  {
    "side": "BUY",
    "ccy": "EUR",
    "rate": 0.895083,
    "quantity": 89.51,
    "ts": "2017-05-30T10:40:36.000Z",
    "id": "EUR:BUY:89.51:1516637238595"
  },
  {
    "side": "SELL",
    "ccy": "CNY",
    "rate": 6.855242,
    "quantity": 688.47,
    "ts": "2017-05-29T12:18:52.000Z",
    "id": "CNY:SELL:688.47:1516637238583"
  },
  {
    "side": "BUY",
    "ccy": "USD",
    "rate": 1,
    "quantity": 100.42971495389952,
    "ts": "2017-05-29T12:18:52.000Z",
    "id": "USD:BUY:100.42971495389952:1516637238583"
  },
  {
    "side": "SELL",
    "ccy": "USD",
    "rate": 1,
    "quantity": 100,
    "ts": "2017-05-28T11:57:20.000Z",
    "id": "USD:SELL:100:1516637238574"
  },
  {
    "side": "BUY",
    "ccy": "EUR",
    "rate": 0.89476,
    "quantity": 89.48,
    "ts": "2017-05-28T11:57:20.000Z",
    "id": "EUR:BUY:89.48:1516637238574"
  },
  {
    "side": "SELL",
    "ccy": "USD",
    "rate": 1,
    "quantity": 100,
    "ts": "2017-05-26T10:13:41.000Z",
    "id": "USD:SELL:100:1516637238565"
  },
  {
    "side": "BUY",
    "ccy": "EUR",
    "rate": 0.894254,
    "quantity": 89.43,
    "ts": "2017-05-26T10:13:41.000Z",
    "id": "EUR:BUY:89.43:1516637238565"
  },
  {
    "side": "SELL",
    "ccy": "USD",
    "rate": 1,
    "quantity": 100,
    "ts": "2017-05-24T20:11:18.000Z",
    "id": "USD:SELL:100:1516637238557"
  },
  {
    "side": "BUY",
    "ccy": "EUR",
    "rate": 0.890464,
    "quantity": 89.05,
    "ts": "2017-05-24T20:11:18.000Z",
    "id": "EUR:BUY:89.05:1516637238557"
  },
  {
    "side": "SELL",
    "ccy": "USD",
    "rate": 1,
    "quantity": 100,
    "ts": "2017-05-23T15:47:21.000Z",
    "id": "USD:SELL:100:1516637238551"
  },
  {
    "side": "BUY",
    "ccy": "ILS",
    "rate": 3.59345,
    "quantity": 359.34,
    "ts": "2017-05-23T15:47:21.000Z",
    "id": "ILS:BUY:359.34:1516637238551"
  },
  {
    "side": "SELL",
    "ccy": "XAU",
    "rate": 0.0007965,
    "quantity": 0.16,
    "ts": "2017-05-20T15:50:29.000Z",
    "id": "XAU:SELL:0.16:1516637238537"
  },
  {
    "side": "BUY",
    "ccy": "USD",
    "rate": 1,
    "quantity": 200.87884494664155,
    "ts": "2017-05-20T15:50:29.000Z",
    "id": "USD:BUY:200.87884494664155:1516637238537"
  },
  {
    "side": "SELL",
    "ccy": "USD",
    "rate": 1,
    "quantity": 100,
    "ts": "2017-05-20T09:44:31.000Z",
    "id": "USD:SELL:100:1516637238529"
  },
  {
    "side": "BUY",
    "ccy": "SAR",
    "rate": 3.7503,
    "quantity": 375.03,
    "ts": "2017-05-20T09:44:31.000Z",
    "id": "SAR:BUY:375.03:1516637238529"
  },
  {
    "side": "SELL",
    "ccy": "USD",
    "rate": 1,
    "quantity": 100,
    "ts": "2017-04-27T11:30:20.000Z",
    "id": "USD:SELL:100:1516637238498"
  },
  {
    "side": "BUY",
    "ccy": "XAU",
    "rate": 0.00079095,
    "quantity": 0.08,
    "ts": "2017-04-27T11:30:20.000Z",
    "id": "XAU:BUY:0.08:1516637238498"
  },
  {
    "side": "SELL",
    "ccy": "USD",
    "rate": 1,
    "quantity": 100,
    "ts": "2017-04-26T23:06:16.000Z",
    "id": "USD:SELL:100:1516637238491"
  },
  {
    "side": "BUY",
    "ccy": "XAU",
    "rate": 0.00078902,
    "quantity": 0.08,
    "ts": "2017-04-26T23:06:16.000Z",
    "id": "XAU:BUY:0.08:1516637238491"
  },
  {
    "side": "SELL",
    "ccy": "USD",
    "rate": 1,
    "quantity": 100,
    "ts": "2017-04-21T13:04:19.000Z",
    "id": "USD:SELL:100:1516637238467"
  },
  {
    "side": "BUY",
    "ccy": "CNY",
    "rate": 6.8847,
    "quantity": 688.47,
    "ts": "2017-04-21T13:04:19.000Z",
    "id": "CNY:BUY:688.47:1516637238467"
  },
  {
    "side": "SELL",
    "ccy": "GEL",
    "rate": 2.3912,
    "quantity": 239.12,
    "ts": "2017-04-19T12:43:18.000Z",
    "id": "GEL:SELL:239.12:1516637238459"
  },
  {
    "side": "BUY",
    "ccy": "USD",
    "rate": 1,
    "quantity": 100,
    "ts": "2017-04-19T12:43:18.000Z",
    "id": "USD:BUY:100:1516637238459"
  },
  {
    "side": "SELL",
    "ccy": "USD",
    "rate": 1,
    "quantity": 100,
    "ts": "2017-04-19T04:09:17.000Z",
    "id": "USD:SELL:100:1516637238453"
  },
  {
    "side": "BUY",
    "ccy": "GEL",
    "rate": 2.3912,
    "quantity": 239.12,
    "ts": "2017-04-19T04:09:17.000Z",
    "id": "GEL:BUY:239.12:1516637238453"
  },
  {
    "side": "SELL",
    "ccy": "CNY",
    "rate": 6.887363,
    "quantity": 689.17,
    "ts": "2017-04-13T13:08:20.000Z",
    "id": "CNY:SELL:689.17:1516637238412"
  },
  {
    "side": "BUY",
    "ccy": "USD",
    "rate": 1,
    "quantity": 100.0629703995564,
    "ts": "2017-04-13T13:08:20.000Z",
    "id": "USD:BUY:100.0629703995564:1516637238412"
  },
  {
    "side": "SELL",
    "ccy": "USD",
    "rate": 1,
    "quantity": 100,
    "ts": "2017-04-11T12:03:43.000Z",
    "id": "USD:SELL:100:1516637238392"
  },
  {
    "side": "BUY",
    "ccy": "CNY",
    "rate": 6.891681,
    "quantity": 689.17,
    "ts": "2017-04-11T12:03:43.000Z",
    "id": "CNY:BUY:689.17:1516637238392"
  },
  {
    "side": "SELL",
    "ccy": "USD",
    "rate": 1,
    "quantity": 100,
    "ts": "2017-04-10T23:56:35.000Z",
    "id": "USD:SELL:100:1516637238383"
  },
  {
    "side": "BUY",
    "ccy": "ILS",
    "rate": 3.656915,
    "quantity": 365.69,
    "ts": "2017-04-10T23:56:35.000Z",
    "id": "ILS:BUY:365.69:1516637238383"
  },
  {
    "side": "SELL",
    "ccy": "USD",
    "rate": 1,
    "quantity": 100,
    "ts": "2017-03-30T21:21:50.000Z",
    "id": "USD:SELL:100:1516637238330"
  },
  {
    "side": "BUY",
    "ccy": "JOD",
    "rate": 0.709904,
    "quantity": 70.99,
    "ts": "2017-03-30T21:21:50.000Z",
    "id": "JOD:BUY:70.99:1516637238330"
  },
  {
    "side": "SELL",
    "ccy": "USD",
    "rate": 1,
    "quantity": 100,
    "ts": "2017-03-30T21:20:44.000Z",
    "id": "USD:SELL:100:1516637238321"
  },
  {
    "side": "BUY",
    "ccy": "JOD",
    "rate": 0.709904,
    "quantity": 70.99,
    "ts": "2017-03-30T21:20:44.000Z",
    "id": "JOD:BUY:70.99:1516637238321"
  },
  {
    "side": "SELL",
    "ccy": "USD",
    "rate": 1,
    "quantity": 100,
    "ts": "2017-03-30T21:18:57.000Z",
    "id": "USD:SELL:100:1516637238310"
  },
  {
    "side": "BUY",
    "ccy": "JOD",
    "rate": 0.709904,
    "quantity": 70.99,
    "ts": "2017-03-30T21:18:57.000Z",
    "id": "JOD:BUY:70.99:1516637238310"
  },
  {
    "side": "SELL",
    "ccy": "USD",
    "rate": 1,
    "quantity": 100,
    "ts": "2017-03-18T13:23:37.000Z",
    "id": "USD:SELL:100:1516637238294"
  },
  {
    "side": "BUY",
    "ccy": "EUR",
    "rate": 0.9306,
    "quantity": 93.06,
    "ts": "2017-03-18T13:23:37.000Z",
    "id": "EUR:BUY:93.06:1516637238294"
  },
  {
    "side": "SELL",
    "ccy": "USD",
    "rate": 1,
    "quantity": 100,
    "ts": "2017-03-18T13:15:41.000Z",
    "id": "USD:SELL:100:1516637238283"
  },
  {
    "side": "BUY",
    "ccy": "EUR",
    "rate": 0.9306,
    "quantity": 93.06,
    "ts": "2017-03-18T13:15:41.000Z",
    "id": "EUR:BUY:93.06:1516637238283"
  },
  {
    "side": "SELL",
    "ccy": "USD",
    "rate": 1,
    "quantity": 100,
    "ts": "2017-03-03T12:00:39.000Z",
    "id": "USD:SELL:100:1516637238242"
  },
  {
    "side": "BUY",
    "ccy": "AUD",
    "rate": 1.316387,
    "quantity": 131.64,
    "ts": "2017-03-03T12:00:39.000Z",
    "id": "AUD:BUY:131.64:1516637238242"
  },
  {
    "side": "SELL",
    "ccy": "USD",
    "rate": 1,
    "quantity": 100,
    "ts": "2017-02-20T14:15:42.000Z",
    "id": "USD:SELL:100:1516637238221"
  },
  {
    "side": "BUY",
    "ccy": "SEK",
    "rate": 8.93864,
    "quantity": 893.86,
    "ts": "2017-02-20T14:15:42.000Z",
    "id": "SEK:BUY:893.86:1516637238221"
  },
  {
    "side": "SELL",
    "ccy": "USD",
    "rate": 1,
    "quantity": 100,
    "ts": "2017-02-12T13:04:49.000Z",
    "id": "USD:SELL:100:1516637238171"
  },
  {
    "side": "BUY",
    "ccy": "JPY",
    "rate": 113.9289409,
    "quantity": 11392.89,
    "ts": "2017-02-12T13:04:49.000Z",
    "id": "JPY:BUY:11392.89:1516637238172"
  }
]
